<record xmlns="http://www.loc.gov/MARC21/slim" xmlns:xsi="http://www.w3.org/2001/XMLSchema-instance" xsi:schemaLocation="http://www.loc.gov/MARC21/slim http://www.loc.gov/standards/marcxml/schema/MARC21slim.xsd"><leader>     nam a22        4500</leader><controlfield tag="001">3063369</controlfield><controlfield tag="003">NNC</controlfield><controlfield tag="006">m        d        </controlfield><controlfield tag="007">cr cn |||m|||a</controlfield><controlfield tag="008">150601s1955    ua      o     000 0 ara d</controlfield><datafield ind1=" " ind2=" " tag="040"><subfield code="a">NNU</subfield><subfield code="b">eng</subfield><subfield code="e">rda</subfield><subfield code="c">NNU</subfield></datafield><datafield ind1=" " ind2="4" tag="050"><subfield code="a">PA4401</subfield><subfield code="b">.A7 1955</subfield></datafield><datafield ind1="0" ind2="3" tag="245"><subfield code="6">880-01</subfield><subfield code="a">al-Afla&#772;tu&#772;ni&#772;yah al-muh&#803;dathah &#699;inda al-&#699;Arab :</subfield><subfield code="b">Abra&#772;qlis: al-Khair al-mah&#803;d&#803;, Fi&#772; qidam al-&#699;a&#772;lam ; Fi&#772; al-masa&#772;&#700;il al-t&#803;abi&#772;&#699;i&#772;yah, Harmas: Mu&#699;a&#772;dhalat al-nafs, Afla&#772;tu&#772;n: al-Rawa&#772;bi&#699; /</subfield><subfield code="c">Haqqaqaha&#772; wa-qaddama laha&#772; &#699;Abd-al-Rahma&#772;n Badawi&#772;.</subfield></datafield><datafield ind1=" " ind2=" " tag="260"><subfield code="6">880-02</subfield><subfield code="a">al-Qa&#772;hirah :</subfield><subfield code="b">Maktabat al-Nahd&#803;ah al-Mis&#803;ri&#772;yah,</subfield><subfield code="c">1955.</subfield></datafield><datafield ind1=" " ind2=" " tag="300"><subfield code="a">online resource (55, 273 pages)</subfield></datafield><datafield ind1=" " ind2=" " tag="336"><subfield code="a">text</subfield><subfield code="2">rdacontent</subfield></datafield><datafield ind1=" " ind2=" " tag="337"><subfield code="a">computer</subfield><subfield code="2">rdamedia</subfield></datafield><datafield ind1=" " ind2=" " tag="338"><subfield code="a">online resource</subfield><subfield code="2">rdacarrier</subfield></datafield><datafield ind1="1" ind2=" " tag="490"><subfield code="6">880-03</subfield><subfield code="a">Dira&#772;sa&#772;t Isla&#772;mi&#772;yah ;</subfield><subfield code="v">19</subfield></datafield><datafield ind1=" " ind2=" " tag="500"><subfield code="a">Part of the Arabic Collections Online (ACO) project, contributed by Columbia University Libraries.</subfield></datafield><datafield ind1="0" ind2=" " tag="505"><subfield code="6">880-04</subfield><subfield code="a">Kita&#772;b al-i&#772;d&#803;a&#772;h&#803; fi&#772; al-khayr al-mah&#803;d&#803; / li-Arist&#803;u&#772;t&#803;a&#772;li&#772;s -- H&#803;ujaj Baraqlis fi&#772; qidam al-&#699;a&#772;lam -- Masa&#772;&#700;il Faraqli&#772;s fi&#772; al-ashya&#772;&#700; al-t&#803;abi&#772;&#699;i&#772;yah -- Kita&#772;b mu&#699;a&#772;dhalat al-nafs / li-Harmas aw li-Afla&#772;t&#803;u&#772;n -- Kita&#772;b al-rawa&#772;bi&#772;&#699; / li-Afla&#772;t&#803;u&#772;n.</subfield></datafield><datafield ind1=" " ind2=" " tag="533"><subfield code="a">Electronic reproduction.</subfield><subfield code="b">New York, N.Y. :</subfield><subfield code="c">New York University,</subfield><subfield code="d">2015.</subfield><subfield code="5">NNU</subfield></datafield><datafield ind1=" " ind2="0" tag="650"><subfield code="a">Islamic philosophy.</subfield></datafield><datafield ind1=" " ind2="0" tag="650"><subfield code="a">Neoplatonism.</subfield></datafield><datafield ind1=" " ind2="7" tag="650"><subfield code="a">Islamic philosophy.</subfield><subfield code="2">fast</subfield><subfield code="0">(OCoLC)fst01730358</subfield></datafield><datafield ind1=" " ind2="7" tag="650"><subfield code="a">Neoplatonism.</subfield><subfield code="2">fast</subfield><subfield code="0">(OCoLC)fst01035884</subfield></datafield><datafield ind1="1" ind2=" " tag="700"><subfield code="6">880-05</subfield><subfield code="a">Badawi&#772;, &#699;Abd al-Rah&#803;ma&#772;n,</subfield><subfield code="e">editor.</subfield></datafield><datafield ind1="2" ind2=" " tag="710"><subfield code="a">Columbia University.</subfield><subfield code="b">Libraries.</subfield></datafield><datafield ind1="0" ind2=" " tag="730"><subfield code="a">Arabic Collections Online.</subfield></datafield><datafield ind1="0" ind2="8" tag="776"><subfield code="i">Print version:</subfield><subfield code="t">al-Afla&#772;tu&#772;ni&#772;yah al-muh&#803;dathah &#699;inda al-&#699;Arab</subfield><subfield code="w">(NNC)3063369</subfield><subfield code="w">(OCoLC)47758764</subfield></datafield><datafield ind1="1" ind2=" " tag="800"><subfield code="6">880-06</subfield><subfield code="a">Badawi&#772;, &#699;Abd al-Rah&#803;ma&#772;n.</subfield><subfield code="t">Dira&#772;sa&#772;t Isla&#772;mi&#772;yah.</subfield></datafield><datafield ind1="4" ind2="0" tag="856"><subfield code="u">http://hdl.handle.net/2333.1/w3r22bgf</subfield></datafield><datafield ind1="0" ind2="2" tag="880"><subfield code="6">245-01/r</subfield><subfield code="a">&#1575;&#1604;&#1575;&#1601;&#1604;&#1575;&#1578;&#1608;&#1606;&#1610;&#1577; &#1575;&#1604;&#1605;&#1581;&#1583;&#1579;&#1577; &#1593;&#1606;&#1583; &#1575;&#1604;&#1593;&#1585;&#1576; :</subfield><subfield code="b">&#1575;&#1576;&#1585;&#1575;&#1602;&#1604;: &#1575;&#1604;&#1582;&#1585; &#1575;&#1604;&#1605;&#1581;&#1590;&#1548; &#1601;&#1610; &#1602;&#1583;&#1605; &#1575;&#1604;&#1593;&#1575;&#1604;&#1605; &#1563; &#1601;&#1610; &#1575;&#1604;&#1605;&#1587;&#1575;&#1574;&#1604; &#1575;&#1604;&#1591;&#1576;&#1610;&#1593;&#1610;&#1577;&#1548; &#1607;&#1585;&#1605;&#1587;: &#1605;&#1593;&#1575;&#1584;&#1604;&#1577; &#1575;&#1604;&#1606;&#1601;&#1587;&#1548; &#1575;&#1601;&#1604;&#1575;&#1578;&#1608;&#1606;: &#1575;&#1604;&#1585;&#1608;&#1575;&#1576;&#1593; /</subfield><subfield code="c">&#1607;&#1602;&#1602;&#1607;&#1575; &#1608;&#1602;&#1583;&#1605; &#1604;&#1607;&#1575; &#1593;&#1576;&#1583;&#1575;&#1604;&#1585;&#1607;&#1605;&#1575;&#1606; &#1576;&#1583;&#1608;&#1610;.</subfield></datafield><datafield ind1=" " ind2=" " tag="880"><subfield code="6">260-02/r</subfield><subfield code="a">&#1575;&#1604;&#1602;&#1575;&#1607;&#1585;&#1577; :</subfield><subfield code="b">&#1605;&#1603;&#1578;&#1576;&#1577; &#1575;&#1604;&#1606;&#1607;&#1590;&#1577; &#1575;&#1604;&#1605;&#1589;&#1585;&#1610;&#1577;&#1548;</subfield><subfield code="c">&#1633;&#1641;&#1637;&#1637;.</subfield></datafield><datafield ind1="1" ind2=" " tag="880"><subfield code="6">490-03/r</subfield><subfield code="a">&#1583;&#1585;&#1575;&#1587;&#1575;&#1578; &#1573;&#1587;&#1604;&#1575;&#1605;&#1610;&#1577; &#1563;</subfield><subfield code="v">&#1633;&#1641;</subfield></datafield><datafield ind1="0" ind2=" " tag="880"><subfield code="6">505-04/r</subfield><subfield code="a">&#1603;&#1578;&#1575;&#1576; &#1575;&#1604;&#1575;&#1590;&#1575;&#1581; &#1601;&#1610; &#1575;&#1604;&#1582;&#1610;&#1585; &#1575;&#1604;&#1605;&#1581;&#1590; / &#1604;&#1575;&#1585;&#1587;&#1591;&#1608;&#1591;&#1575;&#1604;&#1610;&#1587;  &#1581;&#1580;&#1580; &#1576;&#1585;&#1602;&#1604; &#1601;&#1610; &#1602;&#1583;&#1605; &#1575;&#1604;&#1593;&#1575;&#1604;&#1605;  &#1605;&#1587;&#1575;&#1574;&#1604; &#1601;&#1585;&#1602;&#1604;&#1610;&#1587; &#1601;&#1610; &#1575;&#1604;&#1575;&#1588;&#1610;&#1575;&#1569; &#1575;&#1604;&#1591;&#1576;&#1610;&#1593;&#1610;&#1577;  &#1603;&#1578;&#1575;&#1576; &#1605;&#1593;&#1575;&#1584;&#1604;&#1577; &#1575;&#1604;&#1606;&#1601;&#1587; / &#1604;&#1607;&#1585;&#1605;&#1587; &#1575;&#1608; &#1604;&#1575;&#1601;&#1604;&#1575;&#1591;&#1608;&#1606;  &#1603;&#1578;&#1575;&#1576; &#1575;&#1604;&#1585;&#1608;&#1575;&#1576;&#1610;&#1593; / &#1604;&#1575;&#1601;&#1604;&#1575;&#1591;&#1608;&#1606;.</subfield></datafield><datafield ind1="1" ind2=" " tag="880"><subfield code="6">700-05/r</subfield><subfield code="a">&#1576;&#1583;&#1608;&#1610;&#1548; &#1593;&#1576;&#1583; &#1575;&#1604;&#1585;&#1581;&#1605;&#1606;.</subfield></datafield><datafield ind1="1" ind2=" " tag="880"><subfield code="6">800-06/r</subfield><subfield code="a">&#1576;&#1583;&#1608;&#1610;&#1548; &#1593;&#1576;&#1583; &#1575;&#1604;&#1585;&#1581;&#1605;&#1606;.</subfield><subfield code="t">&#1583;&#1585;&#1575;&#1587;&#1575;&#1578; &#1575;&#1587;&#1604;&#1575;&#1605;&#1610;&#1577;.</subfield></datafield><datafield ind1=" " ind2=" " tag="959"><subfield code="a">NNU</subfield><subfield code="b">WEB</subfield><subfield code="c">GENI</subfield><subfield code="t">0</subfield><subfield code="m">Electronic access</subfield><subfield code="s">01</subfield></datafield><datafield ind1=" " ind2=" " tag="999"><subfield code="i">NNC_3063369</subfield><subfield code="o">(OCoLC)ocm47758764</subfield><subfield code="s">columbia_aco000477</subfield><subfield code="e">(ERROR-880)</subfield><subfield code="s">columbia_aco000477</subfield></datafield></record>